<record><leader>00000cas a22000007a 4500</leader><controlfield tag="001">19002415</controlfield><controlfield tag="008">890111d18881896pauwr ne      0    0eng d</controlfield><datafield ind1=" " ind2=" " tag="010"><subfield code="a">sn 89077866 </subfield></datafield><datafield ind1=" " ind2=" " tag="040"><subfield code="a">NPH</subfield><subfield code="b">eng</subfield><subfield code="c">NPH</subfield><subfield code="d">OCLCQ</subfield></datafield><datafield ind1=" " ind2=" " tag="042"><subfield code="a">msc</subfield></datafield><datafield ind1="0" ind2="0" tag="245"><subfield code="a">Macungie weekly progress.</subfield></datafield><datafield ind1="1" ind2="3" tag="246"><subfield code="a">Progress</subfield></datafield><datafield ind1="1" ind2="3" tag="246"><subfield code="a">Macungie progress</subfield></datafield><datafield ind1=" " ind2=" " tag="260"><subfield code="a">Macungie, Pa. :</subfield><subfield code="b">O.P. Knauss,</subfield><subfield code="c">1888-1896.</subfield></datafield><datafield ind1=" " ind2=" " tag="300"><subfield code="a">v. :</subfield><subfield code="b">ill. ;</subfield><subfield code="c">57-60 cm.</subfield></datafield><datafield ind1=" " ind2=" " tag="310"><subfield code="a">Weekly</subfield></datafield><datafield ind1="0" ind2=" " tag="362"><subfield code="a">Vol. 1, no. 1 (Apr. 5, 1888)-v. 8, no. 52 (Mar. 26, 1896).</subfield></datafield><datafield ind1=" " ind2=" " tag="752"><subfield code="a">United States</subfield><subfield code="b">Pennsylvania</subfield><subfield code="c">Lehigh</subfield><subfield code="d">Macungie.</subfield></datafield><datafield ind1="0" ind2="0" tag="785"><subfield code="t">Macungie progress</subfield><subfield code="w">(DLC)sn 89077867</subfield></datafield></record>